% % Referencia en https://en.wikibooks.org/wiki/LaTeX/Bibliography_Management

@article{educacionInicial,
  author = {Mufioz, L. and Mazon, J.N. and Trujillo, J.},
  journal = {Latin America Transactions, IEEE (Revista IEEE America Latina)},
  title = {ETL Process Modeling Conceptual for Data Warehouses: A Systematic Mapping Study},
  year = {2011},
  volume = {9},
  number = {3},
  pages = {31-41}, 
  doi = {10.1109/TLA.2011.5893784},
  ISSN = {1548-0992},
  month = {June}
}